%% This BibTeX bibliography file was created using BibDesk.
%% http://bibdesk.sourceforge.net/

%% Created for Weichao  Zhou at 2018-04-26 17:38:04 -0400 


%% Saved with string encoding Unicode (UTF-8) 



@inproceedings{henriques2012statistical,
	Author = {Henriques, David and Martins, Joao G and Zuliani, Paolo and Platzer, Andr{\'e} and Clarke, Edmund M},
	Booktitle = {2012 Ninth International Conference on Quantitative Evaluation of Systems (QEST)},
	Date-Added = {2018-04-26 21:35:47 +0000},
	Date-Modified = {2018-04-26 21:35:47 +0000},
	Organization = {IEEE},
	Pages = {84--93},
	Title = {Statistical model checking for Markov decision processes},
	Year = {2012},
	Bdsk-File-1 = {YnBsaXN0MDDUAQIDBAUGJCVYJHZlcnNpb25YJG9iamVjdHNZJGFyY2hpdmVyVCR0b3ASAAGGoKgHCBMUFRYaIVUkbnVsbNMJCgsMDxJXTlMua2V5c1pOUy5vYmplY3RzViRjbGFzc6INDoACgAOiEBGABIAFgAdccmVsYXRpdmVQYXRoWWFsaWFzRGF0YV8QLi4uLy4uLy4uL1Jlc2VhcmNoL2xpdGVyYXR1cmUvY3MtY211LTEyLTEyMi5wZGbSFwsYGVdOUy5kYXRhTxEBiAAAAAABiAACAAAMTWFjaW50b3NoIEhEAAAAAAAAAAAAAAAAAAAAAAAAAEJEAAH/////EWNzLWNtdS0xMi0xMjIucGRmAAAAAAAAAAAAAAAAAAAAAAAAAAAAAAAAAAAAAAAAAAAAAAAAAAAAAAAAAAAAAP////8AAAAAAAAAAAAAAAAAAwADAAAKIGN1AAAAAAAAAAAAAAAAAApsaXRlcmF0dXJlAAIAQy86VXNlcnM6d2VpY2hhb3pob3U6RG9jdW1lbnRzOlJlc2VhcmNoOmxpdGVyYXR1cmU6Y3MtY211LTEyLTEyMi5wZGYAAA4AJAARAGMAcwAtAGMAbQB1AC0AMQAyAC0AMQAyADIALgBwAGQAZgAPABoADABNAGEAYwBpAG4AdABvAHMAaAAgAEgARAASAEFVc2Vycy93ZWljaGFvemhvdS9Eb2N1bWVudHMvUmVzZWFyY2gvbGl0ZXJhdHVyZS9jcy1jbXUtMTItMTIyLnBkZgAAEwABLwAAFQACABL//wAAgAbSGxwdHlokY2xhc3NuYW1lWCRjbGFzc2VzXU5TTXV0YWJsZURhdGGjHR8gVk5TRGF0YVhOU09iamVjdNIbHCIjXE5TRGljdGlvbmFyeaIiIF8QD05TS2V5ZWRBcmNoaXZlctEmJ1Ryb290gAEACAARABoAIwAtADIANwBAAEYATQBVAGAAZwBqAGwAbgBxAHMAdQB3AIQAjgC/AMQAzAJYAloCXwJqAnMCgQKFAowClQKaAqcCqgK8Ar8CxAAAAAAAAAIBAAAAAAAAACgAAAAAAAAAAAAAAAAAAALG}}

@article{Younes:2006:SPM:1182767.1182770,
	Acmid = {1182770},
	Address = {Duluth, MN, USA},
	Author = {Younes, H{\aa}kan L. S. and Simmons, Reid G.},
	Date-Added = {2018-04-26 21:35:37 +0000},
	Date-Modified = {2018-04-26 21:35:37 +0000},
	Doi = {10.1016/j.ic.2006.05.002},
	Issn = {0890-5401},
	Issue_Date = {September 2006},
	Journal = {Inf. Comput.},
	Keywords = {acceptance sampling, hypothesis testing, probabilistic verification, stochastic processes, temporal logic, transient analysis},
	Month = sep,
	Number = {9},
	Numpages = {42},
	Pages = {1368--1409},
	Publisher = {Academic Press, Inc.},
	Title = {Statistical Probabilistic Model Checking with a Focus on Time-bounded Properties},
	Url = {http://dx.doi.org/10.1016/j.ic.2006.05.002},
	Volume = {204},
	Year = {2006},
	Bdsk-File-1 = {YnBsaXN0MDDUAQIDBAUGJCVYJHZlcnNpb25YJG9iamVjdHNZJGFyY2hpdmVyVCR0b3ASAAGGoKgHCBMUFRYaIVUkbnVsbNMJCgsMDxJXTlMua2V5c1pOUy5vYmplY3RzViRjbGFzc6INDoACgAOiEBGABIAFgAdccmVsYXRpdmVQYXRoWWFsaWFzRGF0YV8QNC4uLy4uLy4uL1Jlc2VhcmNoL2xpdGVyYXR1cmUvcHJvYl9tb2RlbF9jaGVja2luZy5wZGbSFwsYGVdOUy5kYXRhTxEBoAAAAAABoAACAAAMTWFjaW50b3NoIEhEAAAAAAAAAAAAAAAAAAAAAAAAAEJEAAH/////F3Byb2JfbW9kZWxfY2hlY2tpbmcucGRmAAAAAAAAAAAAAAAAAAAAAAAAAAAAAAAAAAAAAAAAAAAAAAAAAAAAAP////8AAAAAAAAAAAAAAAAAAwADAAAKIGN1AAAAAAAAAAAAAAAAAApsaXRlcmF0dXJlAAIASS86VXNlcnM6d2VpY2hhb3pob3U6RG9jdW1lbnRzOlJlc2VhcmNoOmxpdGVyYXR1cmU6cHJvYl9tb2RlbF9jaGVja2luZy5wZGYAAA4AMAAXAHAAcgBvAGIAXwBtAG8AZABlAGwAXwBjAGgAZQBjAGsAaQBuAGcALgBwAGQAZgAPABoADABNAGEAYwBpAG4AdABvAHMAaAAgAEgARAASAEdVc2Vycy93ZWljaGFvemhvdS9Eb2N1bWVudHMvUmVzZWFyY2gvbGl0ZXJhdHVyZS9wcm9iX21vZGVsX2NoZWNraW5nLnBkZgAAEwABLwAAFQACABL//wAAgAbSGxwdHlokY2xhc3NuYW1lWCRjbGFzc2VzXU5TTXV0YWJsZURhdGGjHR8gVk5TRGF0YVhOU09iamVjdNIbHCIjXE5TRGljdGlvbmFyeaIiIF8QD05TS2V5ZWRBcmNoaXZlctEmJ1Ryb290gAEACAARABoAIwAtADIANwBAAEYATQBVAGAAZwBqAGwAbgBxAHMAdQB3AIQAjgDFAMoA0gJ2AngCfQKIApECnwKjAqoCswK4AsUCyALaAt0C4gAAAAAAAAIBAAAAAAAAACgAAAAAAAAAAAAAAAAAAALk},
	Bdsk-Url-1 = {http://dx.doi.org/10.1016/j.ic.2006.05.002}}

@inproceedings{10.1007/978-3-642-19829-8_10,
	Abstract = {We consider statistical (sampling-based) solution methods for verifying probabilistic properties with unbounded until. Statistical solution methods for probabilistic verification use sample execution trajectories for a system to verify properties with some level of confidence. The main challenge with properties that are expressed using unbounded until is to ensure termination in the face of potentially infinite sample execution trajectories. We describe two alternative solution methods, each one with its own merits. The first method relies on reachability analysis, and is suitable primarily for large Markov chains where reachability analysis can be performed efficiently using symbolic data structures, but for which numerical probability computations are expensive. The second method employs a termination probability and weighted sampling. This method does not rely on any specific structure of the model, but error control is more challenging. We show how the choice of termination probability---when applied to Markov chains---is tied to the subdominant eigenvalue of the transition probability matrix, which relates it to iterative numerical solution techniques for the same problem.},
	Address = {Berlin, Heidelberg},
	Author = {Younes, H{\aa}kan L. S. and Clarke, Edmund M. and Zuliani, Paolo},
	Booktitle = {Formal Methods: Foundations and Applications},
	Date-Added = {2018-04-26 21:35:18 +0000},
	Date-Modified = {2018-04-26 21:35:18 +0000},
	Editor = {Davies, Jim and Silva, Leila and Simao, Adenilso},
	Isbn = {978-3-642-19829-8},
	Pages = {144--160},
	Publisher = {Springer Berlin Heidelberg},
	Title = {Statistical Verification of Probabilistic Properties with Unbounded Until},
	Year = {2011},
	Bdsk-File-1 = {YnBsaXN0MDDUAQIDBAUGJCVYJHZlcnNpb25YJG9iamVjdHNZJGFyY2hpdmVyVCR0b3ASAAGGoKgHCBMUFRYaIVUkbnVsbNMJCgsMDxJXTlMua2V5c1pOUy5vYmplY3RzViRjbGFzc6INDoACgAOiEBGABIAFgAdccmVsYXRpdmVQYXRoWWFsaWFzRGF0YV8QNS4uLy4uLy4uL1Jlc2VhcmNoL2xpdGVyYXR1cmUvOTc4LTMtNjQyLTE5ODI5LThfMTAucGRm0hcLGBlXTlMuZGF0YU8RAaIAAAAAAaIAAgAADE1hY2ludG9zaCBIRAAAAAAAAAAAAAAAAAAAAAAAAABCRAAB/////xg5NzgtMy02NDItMTk4MjktOF8xMC5wZGYAAAAAAAAAAAAAAAAAAAAAAAAAAAAAAAAAAAAAAAAAAAAAAAAAAAD/////AAAAAAAAAAAAAAAAAAMAAwAACiBjdQAAAAAAAAAAAAAAAAAKbGl0ZXJhdHVyZQACAEovOlVzZXJzOndlaWNoYW96aG91OkRvY3VtZW50czpSZXNlYXJjaDpsaXRlcmF0dXJlOjk3OC0zLTY0Mi0xOTgyOS04XzEwLnBkZgAOADIAGAA5ADcAOAAtADMALQA2ADQAMgAtADEAOQA4ADIAOQAtADgAXwAxADAALgBwAGQAZgAPABoADABNAGEAYwBpAG4AdABvAHMAaAAgAEgARAASAEhVc2Vycy93ZWljaGFvemhvdS9Eb2N1bWVudHMvUmVzZWFyY2gvbGl0ZXJhdHVyZS85NzgtMy02NDItMTk4MjktOF8xMC5wZGYAEwABLwAAFQACABL//wAAgAbSGxwdHlokY2xhc3NuYW1lWCRjbGFzc2VzXU5TTXV0YWJsZURhdGGjHR8gVk5TRGF0YVhOU09iamVjdNIbHCIjXE5TRGljdGlvbmFyeaIiIF8QD05TS2V5ZWRBcmNoaXZlctEmJ1Ryb290gAEACAARABoAIwAtADIANwBAAEYATQBVAGAAZwBqAGwAbgBxAHMAdQB3AIQAjgDGAMsA0wJ5AnsCgAKLApQCogKmAq0CtgK7AsgCywLdAuAC5QAAAAAAAAIBAAAAAAAAACgAAAAAAAAAAAAAAAAAAALn}}

@inproceedings{levinson2011towards,
	Author = {Levinson, Jesse and Askeland, Jake and Becker, Jan and Dolson, Jennifer and Held, David and Kammel, Soeren and Kolter, J Zico and Langer, Dirk and Pink, Oliver and Pratt, Vaughan and others},
	Booktitle = {2011 IEEE Intelligent Vehicles Symposium (IV)},
	Date-Added = {2018-04-26 21:19:05 +0000},
	Date-Modified = {2018-04-26 21:19:05 +0000},
	Organization = {IEEE},
	Pages = {163--168},
	Title = {Towards fully autonomous driving: Systems and algorithms},
	Year = {2011}}

@article{mnih2015human,
	Author = {Mnih, Volodymyr and Kavukcuoglu, Koray and Silver, David and Rusu, Andrei A and Veness, Joel and Bellemare, Marc G and Graves, Alex and Riedmiller, Martin and Fidjeland, Andreas K and Ostrovski, Georg and others},
	Date-Added = {2018-04-26 21:18:07 +0000},
	Date-Modified = {2018-04-26 21:18:07 +0000},
	Journal = {Nature},
	Number = {7540},
	Pages = {529--533},
	Publisher = {Nature Research},
	Title = {Human-level control through deep reinforcement learning},
	Volume = {518},
	Year = {2015},
	Bdsk-File-1 = {YnBsaXN0MDDUAQIDBAUGJCVYJHZlcnNpb25YJG9iamVjdHNZJGFyY2hpdmVyVCR0b3ASAAGGoKgHCBMUFRYaIVUkbnVsbNMJCgsMDxJXTlMua2V5c1pOUy5vYmplY3RzViRjbGFzc6INDoACgAOiEBGABIAFgAdccmVsYXRpdmVQYXRoWWFsaWFzRGF0YV8QWC4uLy4uLy4uL1Jlc2VhcmNoL2xpdGVyYXR1cmUvSHVtYW4tbGV2ZWwgY29udHJvbCB0aHJvdWdoIGRlZXAgcmVpbmZvcmNlbWVudCBsZWFybmluZy5wZGbSFwsYGVdOUy5kYXRhTxECMAAAAAACMAACAAAMTWFjaW50b3NoIEhEAAAAAAAAAAAAAAAAAAAAAAAAAEJEAAH/////H0h1bWFuLWxldmVsIGNvbnRybyNGRkZGRkZGRi5wZGYAAAAAAAAAAAAAAAAAAAAAAAAAAAAAAAAAAAAAAAAAAP////8AAAAAAAAAAAAAAAAAAwADAAAKIGN1AAAAAAAAAAAAAAAAAApsaXRlcmF0dXJlAAIAbS86VXNlcnM6d2VpY2hhb3pob3U6RG9jdW1lbnRzOlJlc2VhcmNoOmxpdGVyYXR1cmU6SHVtYW4tbGV2ZWwgY29udHJvbCB0aHJvdWdoIGRlZXAgcmVpbmZvcmNlbWVudCBsZWFybmluZy5wZGYAAA4AeAA7AEgAdQBtAGEAbgAtAGwAZQB2AGUAbAAgAGMAbwBuAHQAcgBvAGwAIAB0AGgAcgBvAHUAZwBoACAAZABlAGUAcAAgAHIAZQBpAG4AZgBvAHIAYwBlAG0AZQBuAHQAIABsAGUAYQByAG4AaQBuAGcALgBwAGQAZgAPABoADABNAGEAYwBpAG4AdABvAHMAaAAgAEgARAASAGtVc2Vycy93ZWljaGFvemhvdS9Eb2N1bWVudHMvUmVzZWFyY2gvbGl0ZXJhdHVyZS9IdW1hbi1sZXZlbCBjb250cm9sIHRocm91Z2ggZGVlcCByZWluZm9yY2VtZW50IGxlYXJuaW5nLnBkZgAAEwABLwAAFQACABL//wAAgAbSGxwdHlokY2xhc3NuYW1lWCRjbGFzc2VzXU5TTXV0YWJsZURhdGGjHR8gVk5TRGF0YVhOU09iamVjdNIbHCIjXE5TRGljdGlvbmFyeaIiIF8QD05TS2V5ZWRBcmNoaXZlctEmJ1Ryb290gAEACAARABoAIwAtADIANwBAAEYATQBVAGAAZwBqAGwAbgBxAHMAdQB3AIQAjgDpAO4A9gMqAywDMQM8A0UDUwNXA14DZwNsA3kDfAOOA5EDlgAAAAAAAAIBAAAAAAAAACgAAAAAAAAAAAAAAAAAAAOY}}

@inproceedings{krizhevsky2012imagenet,
	Author = {Krizhevsky, Alex and Sutskever, Ilya and Hinton, Geoffrey E},
	Booktitle = {Advances in neural information processing systems},
	Date-Added = {2018-04-26 21:16:04 +0000},
	Date-Modified = {2018-04-26 21:16:04 +0000},
	Pages = {1097--1105},
	Title = {Imagenet classification with deep convolutional neural networks},
	Year = {2012}}

@article{Bundy:2017:PFA:3086243.3086264,
	Acmid = {3086264},
	Address = {London, UK, UK},
	Author = {Bundy, Alan},
 	Title = {Preparing for the Future of Artificial Intelligence},
 	Year = {2016},
 	Isbn = {1540396517, 9781540396518},
 	Publisher = {CreateSpace Independent Publishing Platform},
 	Address = {USA},
}
@inproceedings{ho2016model,
	Author = {Ho, Jonathan and Gupta, Jayesh and Ermon, Stefano},
	Booktitle = {International Conference on Machine Learning},
	Date-Added = {2018-04-26 21:07:02 +0000},
	Date-Modified = {2018-04-26 21:07:02 +0000},
	Pages = {2760--2769},
	Title = {Model-free imitation learning with policy optimization},
	Year = {2016},
	Bdsk-File-1 = {YnBsaXN0MDDUAQIDBAUGJCVYJHZlcnNpb25YJG9iamVjdHNZJGFyY2hpdmVyVCR0b3ASAAGGoKgHCBMUFRYaIVUkbnVsbNMJCgsMDxJXTlMua2V5c1pOUy5vYmplY3RzViRjbGFzc6INDoACgAOiEBGABIAFgAdccmVsYXRpdmVQYXRoWWFsaWFzRGF0YV8QKy4uLy4uLy4uL1Jlc2VhcmNoL2xpdGVyYXR1cmUvMTYwNS4wODQ3OC5wZGbSFwsYGVdOUy5kYXRhTxEBegAAAAABegACAAAMTWFjaW50b3NoIEhEAAAAAAAAAAAAAAAAAAAAAAAAAEJEAAH/////DjE2MDUuMDg0NzgucGRmAAAAAAAAAAAAAAAAAAAAAAAAAAAAAAAAAAAAAAAAAAAAAAAAAAAAAAAAAAAAAAAAAP////8AAAAAAAAAAAAAAAAAAwADAAAKIGN1AAAAAAAAAAAAAAAAAApsaXRlcmF0dXJlAAIAQC86VXNlcnM6d2VpY2hhb3pob3U6RG9jdW1lbnRzOlJlc2VhcmNoOmxpdGVyYXR1cmU6MTYwNS4wODQ3OC5wZGYADgAeAA4AMQA2ADAANQAuADAAOAA0ADcAOAAuAHAAZABmAA8AGgAMAE0AYQBjAGkAbgB0AG8AcwBoACAASABEABIAPlVzZXJzL3dlaWNoYW96aG91L0RvY3VtZW50cy9SZXNlYXJjaC9saXRlcmF0dXJlLzE2MDUuMDg0NzgucGRmABMAAS8AABUAAgAS//8AAIAG0hscHR5aJGNsYXNzbmFtZVgkY2xhc3Nlc11OU011dGFibGVEYXRhox0fIFZOU0RhdGFYTlNPYmplY3TSGxwiI1xOU0RpY3Rpb25hcnmiIiBfEA9OU0tleWVkQXJjaGl2ZXLRJidUcm9vdIABAAgAEQAaACMALQAyADcAQABGAE0AVQBgAGcAagBsAG4AcQBzAHUAdwCEAI4AvADBAMkCRwJJAk4CWQJiAnACdAJ7AoQCiQKWApkCqwKuArMAAAAAAAACAQAAAAAAAAAoAAAAAAAAAAAAAAAAAAACtQ==}}

@article{neu2012apprenticeship,
	Author = {Neu, Gergely and Szepesv{\'a}ri, Csaba},
	Date-Added = {2018-04-26 21:06:49 +0000},
	Date-Modified = {2018-04-26 21:06:49 +0000},
	Journal = {arXiv preprint arXiv:1206.5264},
	Title = {Apprenticeship learning using inverse reinforcement learning and gradient methods},
	Year = {2012},
	Bdsk-File-1 = {YnBsaXN0MDDUAQIDBAUGJCVYJHZlcnNpb25YJG9iamVjdHNZJGFyY2hpdmVyVCR0b3ASAAGGoKgHCBMUFRYaIVUkbnVsbNMJCgsMDxJXTlMua2V5c1pOUy5vYmplY3RzViRjbGFzc6INDoACgAOiEBGABIAFgAdccmVsYXRpdmVQYXRoWWFsaWFzRGF0YV8QKi4uLy4uLy4uL1Jlc2VhcmNoL2xpdGVyYXR1cmUvMTIwNi41MjY0LnBkZtIXCxgZV05TLmRhdGFPEQF4AAAAAAF4AAIAAAxNYWNpbnRvc2ggSEQAAAAAAAAAAAAAAAAAAAAAAAAAQkQAAf////8NMTIwNi41MjY0LnBkZgAAAAAAAAAAAAAAAAAAAAAAAAAAAAAAAAAAAAAAAAAAAAAAAAAAAAAAAAAAAAAAAAAA/////wAAAAAAAAAAAAAAAAADAAMAAAogY3UAAAAAAAAAAAAAAAAACmxpdGVyYXR1cmUAAgA/LzpVc2Vyczp3ZWljaGFvemhvdTpEb2N1bWVudHM6UmVzZWFyY2g6bGl0ZXJhdHVyZToxMjA2LjUyNjQucGRmAAAOABwADQAxADIAMAA2AC4ANQAyADYANAAuAHAAZABmAA8AGgAMAE0AYQBjAGkAbgB0AG8AcwBoACAASABEABIAPVVzZXJzL3dlaWNoYW96aG91L0RvY3VtZW50cy9SZXNlYXJjaC9saXRlcmF0dXJlLzEyMDYuNTI2NC5wZGYAABMAAS8AABUAAgAS//8AAIAG0hscHR5aJGNsYXNzbmFtZVgkY2xhc3Nlc11OU011dGFibGVEYXRhox0fIFZOU0RhdGFYTlNPYmplY3TSGxwiI1xOU0RpY3Rpb25hcnmiIiBfEA9OU0tleWVkQXJjaGl2ZXLRJidUcm9vdIABAAgAEQAaACMALQAyADcAQABGAE0AVQBgAGcAagBsAG4AcQBzAHUAdwCEAI4AuwDAAMgCRAJGAksCVgJfAm0CcQJ4AoEChgKTApYCqAKrArAAAAAAAAACAQAAAAAAAAAoAAAAAAAAAAAAAAAAAAACsg==}}

@unknown{unknown, 
  title={DTMC model checking by SCC reduction},
  author={Abrah{\'a}m, Erika and Jansen, Nils and Wimmer, Ralf and Katoen, Joost-Pieter and Becker, Bernd},
  journal={2010 Seventh International Conference on the Quantitative Evaluation of Systems (QEST)},
  pages={37--46},
  year={2010},
  organization={IEEE}
}

@article{fujita1997multi,
	Author = {Fujita, Masahiro and McGeer, Patrick C. and Yang, JC-Y},
	Date-Added = {2018-04-25 18:52:12 +0000},
	Date-Modified = {2018-04-25 18:52:12 +0000},
	Journal = {Formal methods in system design},
	Number = {2-3},
	Pages = {149--169},
	Publisher = {Springer},
	Title = {Multi-terminal binary decision diagrams: An efficient data structure for matrix representation},
	Volume = {10},
	Year = {1997}}

@article{AmodeiOSCSM16,
	Author = {Dario Amodei and Chris Olah and Jacob Steinhardt and Paul Christiano and John Schulman and Dan Man{\'{e}}},
	Bibsource = {dblp computer science bibliography, http://dblp.org},
	Biburl = {http://dblp.uni-trier.de/rec/bib/journals/corr/AmodeiOSCSM16},
	Journal = {CoRR},
	Timestamp = {Wed, 07 Jun 2017 14:42:54 +0200},
	Title = {Concrete Problems in {AI} Safety},
	Url = {http://arxiv.org/abs/1606.06565},
	Volume = {abs/1606.06565},
	Year = {2016},
	Bdsk-Url-1 = {http://arxiv.org/abs/1606.06565}}

@article{jha-ai2017,
	Author = {Jha, Susmit and Seshia, Sanjit A.},
	Day = {01},
	Doi = {10.1007/s00236-017-0294-5},
	Issn = {1432-0525},
	Journal = {Acta Informatica},
	Month = {Nov},
	Number = {7},
	Pages = {693--726},
	Title = {A theory of formal synthesis via inductive learning},
	Url = {https://doi.org/10.1007/s00236-017-0294-5},
	Volume = {54},
	Year = {2017},
	Bdsk-Url-1 = {https://doi.org/10.1007/s00236-017-0294-5}}

@article{verge-8-28-17,
	Author = {Angela Chen},
	Booktitle = {The Verge},
	Day = {28},
	Month = {aug},
	Title = {A physicist on why AI safety is `the most important conversation of our time'},
	Url = {\url{https://www.theverge.com/2017/8/29/16219754/max-tegmark-life-book-artificial-intelligence-superintelligence-existential-risk}},
	Year = {2017},
	Bdsk-Url-1 = {https://www.theverge.com/2017/8/29/16219754/max-tegmark-life-book-artificial-intelligence-superintelligence-existential-risk}}

@article{CEGIS,
 author = {Solar-Lezama, Armando and Tancau, Liviu and Bodik, Rastislav and Seshia, Sanjit and Saraswat, Vijay},
 title = {Combinatorial Sketching for Finite Programs},
 booktitle = {Proceedings of the 12th International Conference on Architectural Support for Programming Languages and Operating Systems},
 series = {ASPLOS XII},
 year = {2006},
 isbn = {1-59593-451-0},
 location = {San Jose, California, USA},
 pages = {404--415},
 numpages = {12},
 url = {http://doi.acm.org/10.1145/1168857.1168907},
 doi = {10.1145/1168857.1168907},
 acmid = {1168907},
 publisher = {ACM},
 address = {New York, NY, USA},
 keywords = {SAT, sketching},
} 
@article{mannucci2017safe,
	Author = {Mannucci, Tommaso and van Kampen, Erik-Jan and de Visser, Cornelis and Chu, Qiping},
	Journal = {IEEE Transactions on Neural Networks and Learning Systems},
	Title = {Safe Exploration Algorithms for Reinforcement Learning Controllers},
	Year = {2017}}

@inproceedings{turchetta2016safe,
	Author = {Turchetta, Matteo and Berkenkamp, Felix and Krause, Andreas},
	Booktitle = {Advances in Neural Information Processing Systems},
	Pages = {4312--4320},
	Title = {Safe exploration in finite Markov decision processes with Gaussian processes},
	Year = {2016}}

@article{moldovan2012safe,
	Author = {Moldovan, Teodor Mihai and Abbeel, Pieter},
	Journal = {arXiv preprint arXiv:1205.4810},
	Title = {Safe exploration in Markov decision processes},
	Year = {2012}}

@inproceedings{gillulay2011guaranteed,
	Author = {Gillulay, Jeremy H and Tomlin, Claire J},
	Booktitle = {2011 IEEE/RSJ International Conference on Intelligent Robots and Systems (IROS)},
	Organization = {IEEE},
	Pages = {2979--2984},
	Title = {Guaranteed safe online learning of a bounded system},
	Year = {2011}}

@inproceedings{Abbeel:2004:ALV:1015330.1015430,
	Address = {New York, NY, USA},
	Author = {Abbeel, Pieter and Ng, Andrew Y.},
	Booktitle = {Proceedings of the Twenty-first International Conference on Machine Learning},
	Pages = {1--},
	Publisher = {ACM},
	Series = {ICML '04},
	Title = {Apprenticeship Learning via Inverse Reinforcement Learning},
	Year = {2004}}

@article{DBLP:journals/corr/HeldMZSA17,
	Author = {David Held and Zoe McCarthy and Michael Zhang and Fred Shentu and Pieter Abbeel},
	Journal = {CoRR},
	Title = {Probabilistically Safe Policy Transfer},
	Volume = {abs/1705.05394},
	Year = {2017}}

@article{JMLR:v16:garcia15a,
	Author = {Javier Garc{{\'\i}}a and Fernando Fern{{\'a}}ndez},
	Journal = {Journal of Machine Learning Research},
	Pages = {1437-1480},
	Title = {A Comprehensive Survey on Safe Reinforcement Learning},
	Volume = {16},
	Year = {2015}}

@inproceedings{mason2017assured,
	Author = {Mason, George Rupert and Calinescu, Radu Constantin and Kudenko, Daniel and Banks, Alec},
	Booktitle = {Doctoral Consortium at the 10th International Conference on Agents and Artificial Intelligence},
	Organization = {SciTePress},
	Title = {Assured Reinforcement Learning for Safety-Critical Applications},
	Year = {2017}}

@inproceedings{6679385,
	Author = {R. Alur and R. Bodik and G. Juniwal and M. M. K. Martin and M. Raghothaman and S. A. Seshia and R. Singh and A. Solar-Lezama and E. Torlak and A. Udupa},
	Booktitle = {2013 Formal Methods in Computer-Aided Design},
	Month = {Oct},
	Pages = {1-8},
	Title = {Syntax-guided synthesis},
	Year = {2013}}

@article{4770111,
	Author = {T. Han and J. P. Katoen and D. Berteun},
	Journal = {IEEE Transactions on Software Engineering},
	Month = {March},
	Number = {2},
	Pages = {241-257},
	Title = {Counterexample Generation in Probabilistic Model Checking},
	Volume = {35},
	Year = {2009}}

@article{DBLP:journals/corr/abs-1206-0603,
	Author = {Nils Jansen and Erika {\'{A}}brah{\'{a}}m and Maik Scheffler and Matthias Volk and Andreas Vorpahl and Ralf Wimmer and Joost{-}Pieter Katoen and Bernd Becker},
	Journal = {CoRR},
	Title = {The {COMICS} Tool - Computing Minimal Counterexamples for Discrete-time Markov Chains},
	Volume = {abs/1206.0603},
	Year = {2012}}

@article{kwiatkowska2002prism,
	Author = {Kwiatkowska, Marta and Norman, Gethin and Parker, David},
	Journal = {Computer Performance Evaluation/TOOLS},
	Pages = {200--204},
	Publisher = {Springer},
	Title = {PRISM: Probabilistic symbolic model checker},
	Volume = {2324},
	Year = {2002}}

@inproceedings{shiarlis2016inverse,
	Author = {Shiarlis, Kyriacos and Messias, Joao and Whiteson, Shimon},
	Booktitle = {Proceedings of the 2016 International Conference on Autonomous Agents \& Multiagent Systems},
	Organization = {International Foundation for Autonomous Agents and Multiagent Systems},
	Pages = {1060--1068},
	Title = {Inverse reinforcement learning from failure},
	Year = {2016}}

@inproceedings{puggelli-cav13,
	Acmid = {2526905},
	Address = {Berlin, Heidelberg},
	Author = {Puggelli, Alberto and Li, Wenchao and Sangiovanni-Vincentelli, Alberto L. and Seshia, Sanjit A.},
	Booktitle = {Proceedings of the 25th International Conference on Computer Aided Verification},
	Isbn = {978-3-642-39798-1},
	Location = {Saint Petersburg, Russia},
	Numpages = {16},
	Pages = {527--542},
	Publisher = {Springer-Verlag},
	Series = {CAV'13},
	Title = {Polynomial-Time Verification of PCTL Properties of MDPs with Convex Uncertainties},
	Year = {2013}}

@inproceedings{Ziebart:2008:MEI:1620270.1620297,
	Author = {Ziebart, Brian D. and Maas, Andrew and Bagnell, J. Andrew and Dey, Anind K.},
	Booktitle = {Proceedings of the 23rd National Conference on Artificial Intelligence - Volume 3},
	Pages = {1433--1438},
	Publisher = {AAAI Press},
	Series = {AAAI'08},
	Title = {Maximum Entropy Inverse Reinforcement Learning},
	Year = {2008}}

@inproceedings{Ratliff:2006:MMP:1143844.1143936,
	Address = {New York, NY, USA},
	Author = {Ratliff, Nathan D. and Bagnell, J. Andrew and Zinkevich, Martin A.},
	Booktitle = {Proceedings of the 23rd International Conference on Machine Learning},
	Pages = {729--736},
	Publisher = {ACM},
	Series = {ICML '06},
	Title = {Maximum Margin Planning},
	Year = {2006}}

@inproceedings{Ng:2000:AIR:645529.657801,
	Address = {San Francisco, CA, USA},
	Author = {Ng, Andrew Y. and Russell, Stuart J.},
	Booktitle = {Proceedings of the Seventeenth International Conference on Machine Learning},
	Pages = {663--670},
	Publisher = {Morgan Kaufmann Publishers Inc.},
	Series = {ICML '00},
	Title = {Algorithms for Inverse Reinforcement Learning},
	Year = {2000}}

@incollection{NIPS2016_6294,
	Author = {Ghavamzadeh, Mohammad and Petrik, Marek and Chow, Yinlam},
	Booktitle = {Advances in Neural Information Processing Systems 29},
	Editor = {D. D. Lee and M. Sugiyama and U. V. Luxburg and I. Guyon and R. Garnett},
	Pages = {2298--2306},
	Publisher = {Curran Associates, Inc.},
	Title = {Safe Policy Improvement by Minimizing Robust Baseline Regret},
	Year = {2016}}

@article{DBLP:journals/corr/Hadfield-Menell16,
	Author = {Dylan Hadfield{-}Menell and Anca D. Dragan and Pieter Abbeel and Stuart J. Russell},
	Journal = {CoRR},
	Title = {Cooperative Inverse Reinforcement Learning},
	Volume = {abs/1606.03137},
	Year = {2016}}

@inproceedings{DBLP:journals/corr/SadighKCSS14,
	Author = {Sadigh, Dorsa and Kim, Eric S and Coogan, Samuel and Sastry, S Shankar and Seshia, Sanjit A},
	Booktitle = {2014 IEEE 53rd Annual Conference on Decision and Control (CDC)},
	Date-Added = {2018-04-25 15:26:48 +0000},
	Date-Modified = {2018-04-25 15:26:48 +0000},
	Organization = {IEEE},
	Pages = {1091--1096},
	Title = {A learning based approach to control synthesis of markov decision processes for linear temporal logic specifications},
	Year = {2014},
	Bdsk-File-1 = {YnBsaXN0MDDUAQIDBAUGJCVYJHZlcnNpb25YJG9iamVjdHNZJGFyY2hpdmVyVCR0b3ASAAGGoKgHCBMUFRYaIVUkbnVsbNMJCgsMDxJXTlMua2V5c1pOUy5vYmplY3RzViRjbGFzc6INDoACgAOiEBGABIAFgAdccmVsYXRpdmVQYXRoWWFsaWFzRGF0YV8QKi4uLy4uLy4uL1Jlc2VhcmNoL2xpdGVyYXR1cmUvMTQwOS41NDg2LnBkZtIXCxgZV05TLmRhdGFPEQF4AAAAAAF4AAIAAAxNYWNpbnRvc2ggSEQAAAAAAAAAAAAAAAAAAAAAAAAAQkQAAf////8NMTQwOS41NDg2LnBkZgAAAAAAAAAAAAAAAAAAAAAAAAAAAAAAAAAAAAAAAAAAAAAAAAAAAAAAAAAAAAAAAAAA/////wAAAAAAAAAAAAAAAAADAAMAAAogY3UAAAAAAAAAAAAAAAAACmxpdGVyYXR1cmUAAgA/LzpVc2Vyczp3ZWljaGFvemhvdTpEb2N1bWVudHM6UmVzZWFyY2g6bGl0ZXJhdHVyZToxNDA5LjU0ODYucGRmAAAOABwADQAxADQAMAA5AC4ANQA0ADgANgAuAHAAZABmAA8AGgAMAE0AYQBjAGkAbgB0AG8AcwBoACAASABEABIAPVVzZXJzL3dlaWNoYW96aG91L0RvY3VtZW50cy9SZXNlYXJjaC9saXRlcmF0dXJlLzE0MDkuNTQ4Ni5wZGYAABMAAS8AABUAAgAS//8AAIAG0hscHR5aJGNsYXNzbmFtZVgkY2xhc3Nlc11OU011dGFibGVEYXRhox0fIFZOU0RhdGFYTlNPYmplY3TSGxwiI1xOU0RpY3Rpb25hcnmiIiBfEA9OU0tleWVkQXJjaGl2ZXLRJidUcm9vdIABAAgAEQAaACMALQAyADcAQABGAE0AVQBgAGcAagBsAG4AcQBzAHUAdwCEAI4AuwDAAMgCRAJGAksCVgJfAm0CcQJ4AoEChgKTApYCqAKrArAAAAAAAAACAQAAAAAAAAAoAAAAAAAAAAAAAAAAAAACsg==}}

@article{dibangoye2012scaling,
	Author = {Dibangoye, Jilles S and Amato, Christopher and Doniec, Arnoud},
	Journal = {arXiv preprint arXiv:1210.4865},
	Title = {Scaling up decentralized MDPs through heuristic search},
	Year = {2012}}

@inproceedings{junges2016safety,
	Author = {Junges, Sebastian and Jansen, Nils and Dehnert, Christian and Topcu, Ufuk and Katoen, Joost-Pieter},
	Booktitle = {International Conference on Tools and Algorithms for the Construction and Analysis of Systems},
	Organization = {Springer},
	Pages = {130--146},
	Title = {Safety-constrained reinforcement learning for MDPs},
	Year = {2016}}

@article{DBLP:journals/corr/abs-1708-08611,
	Author = {Mohammed Alshiekh and Roderick Bloem and Ruediger Ehlers and Bettina K{\"{o}}nighofer and Scott Niekum and Ufuk Topcu},
	Journal = {CoRR},
	Title = {Safe Reinforcement Learning via Shielding},
	Volume = {abs/1708.08611},
	Year = {2017}}

@inbook{Ghosh2016,
	Address = {Cham},
	Author = {Ghosh, Shalini and Elenius, Daniel and Li, Wenchao and Lincoln, Patrick and Shankar, Natarajan and Steiner, Wilfried},
	Editor = {Rayadurgam, Sanjai and Tkachuk, Oksana},
	Pages = {41--46},
	Publisher = {Springer International Publishing},
	Title = {ARSENAL: Automatic Requirements Specification Extraction from Natural Language},
	Year = {2016}}

@inproceedings{puggelli2013polynomial,
	Author = {Puggelli, Alberto and Li, Wenchao and Sangiovanni-Vincentelli, Alberto L and Seshia, Sanjit A},
	Booktitle = {International Conference on Computer Aided Verification},
	Organization = {Springer},
	Pages = {527--542},
	Title = {Polynomial-time verification of PCTL properties of MDPs with convex uncertainties},
	Year = {2013}}

@article{Hansson1994,
	Author = {Hansson, Hans and Jonsson, Bengt},
	Journal = {Formal Aspects of Computing},
	Month = {Sep},
	Number = {5},
	Pages = {512--535},
	Title = {A logic for reasoning about time and reliability},
	Volume = {6},
	Year = {1994}}

@article{bellman,
  title={A Markovian decision process},
  author={Bellman, Richard},
  journal={Journal of Mathematics and Mechanics},
  pages={679--684},
  year={1957},
  publisher={JSTOR}
}

@article{ghosh2014automatically,
	Author = {Ghosh, Shalini and Elenius, Daniel and Li, Wenchao and Lincoln, Patrick and Shankar, Natarajan and Steiner, Wilfried},
	Title = {Automatically extracting requirements specifications from natural language},
	Year = {2014}}

@inbook{Wimmer2012,
	Address = {Berlin, Heidelberg},
	Author = {Wimmer, Ralf and Jansen, Nils and {\'A}brah{\'a}m, Erika and Becker, Bernd and Katoen, Joost-Pieter},
	Editor = {Flanagan, Cormac and K{\"o}nig, Barbara},
	Pages = {299--314},
	Publisher = {Springer Berlin Heidelberg},
	Title = {Minimal Critical Subsystems for Discrete-Time Markov Models},
	Year = {2012}}

@article{Kuo:2004aa,
	Author = {Kuo, Yu-Ju and Mittelmann, Hans D.},
	Journal = {Computational Optimization and Applications},
	Number = {3},
	Pages = {255--285},
	Title = {Interior Point Methods for Second-Order Cone Programming and OR Applications},
	Volume = {28},
	Year = {2004}}

@article{DBLP:journals/corr/abs-0807-1173,
	Author = {Rohit Chadha and Mahesh Viswanathan},
	Journal = {CoRR},
	Title = {A Counterexample Guided Abstraction-Refinement Framework for Markov Decision Processes},
	Volume = {abs/0807.1173},
	Year = {2008}}

@article{Kwiatkowska2017,
	Abstract = {PRISM-games is a tool for modelling, verification and strategy synthesis for stochastic multi-player games. These allow models to incorporate both probability, to represent uncertainty, unreliability or randomisation, and game-theoretic aspects, for systems where different entities have opposing objectives. Applications include autonomous transport, security protocols, energy management systems and many more. We provide a detailed overview of the PRISM-games tool, including its modelling and property specification formalisms, and its underlying architecture and implementation. In particular, we discuss some of its key features, which include multi-objective and compositional approaches to verification and strategy synthesis. We also discuss the scalability and efficiency of the tool and give an overview of some of the case studies to which it has been applied.},
	Author = {Kwiatkowska, Marta and Parker, David and Wiltsche, Clemens},
	Date-Added = {2018-01-09 20:20:18 +0000},
	Date-Modified = {2018-01-09 20:20:18 +0000},
	Day = {29},
	Doi = {10.1007/s10009-017-0476-z},
	Issn = {1433-2787},
	Journal = {International Journal on Software Tools for Technology Transfer},
	Month = {Nov},
	Title = {PRISM-games: verification and strategy synthesis for stochastic multi-player games with multiple objectives},
	Url = {https://doi.org/10.1007/s10009-017-0476-z},
	Year = {2017},
	Bdsk-Url-1 = {https://doi.org/10.1007/s10009-017-0476-z}}

@article{zhang2010automated,
	Author = {Zhang, Yan and B{\'e}rard, B{\'e}atrice and Kordon, Fabrice and Thierry-Mieg, Yann},
	Journal = {IFAC Proceedings Volumes},
	Number = {12},
	Pages = {281--286},
	Title = {Automated controllability and synthesis with hierarchical set decision diagrams},
	Volume = {43},
	Year = {2010}}

@inbook{Kwiatkowska2013,
	Address = {Cham},
	Author = {Kwiatkowska, Marta and Parker, David},
	Editor = {Van Hung, Dang and Ogawa, Mizuhito},
	Pages = {5--22},
	Publisher = {Springer International Publishing},
	Title = {Automated Verification and Strategy Synthesis for Probabilistic Systems},
	Year = {2013}}
